@InProceedings{ borgelt2005implementation,
	title = "{An Implementation of the FP-growth Algorithm}",
	author = "C. Borgelt",
	booktitle = "Proceedings of the 1st international workshop on open source data mining: frequent pattern mining implementations",
	pages = "5",
	year = "2005",
	organization = "ACM"
}

@Article{ han2004mining,
	title = "{Mining frequent patterns without candidate generation: A frequent-pattern tree approach}",
	author = "J. Han and J. Pei and Y. Yin and R. Mao",
	journal = "Data mining and knowledge discovery",
	volume = "8",
	number = "1",
	pages = "53--87",
	year = "2004",
	publisher = "Springer"
}

@InProceedings{ vieira2009line,
	title = "{On-line discovery of flock patterns in spatio-temporal data}",
	author = "M.R. Vieira and P. Bakalov and V.J. Tsotras",
	booktitle = "Proceedings of the 17th ACM SIGSPATIAL International Conference on Advances in Geographic Information Systems",
	pages = "286--295",
	year = "2009",
	organization = "ACM"
}

@Article{ jeung2008discovery,
	title = "{Discovery of convoys in trajectory databases}",
	author = "H. Jeung and M.L. Yiu and X. Zhou and C.S. Jensen and H.T. Shen",
	journal = "Proceedings of the VLDB Endowment",
	volume = "1",
	number = "1",
	pages = "1068--1080",
	year = "2008",
	publisher = "VLDB Endowment"
}

@Article{ nanni2008spatiotemporal,
	title = "{Spatiotemporal data mining}",
	author ="{M. Nanni and B. Kuijpers and C. K{\{\"o}}rner and M. May and D. Pedreschi}",
	journal = "Mobility, Data Mining and Privacy",
	pages = "267--296",
	year = "2008",
	publisher = "Springer"
}

@InProceedings{ gudmundsson2004efficient,
	title = "{Efficient detection of motion patterns in spatio-temporal data sets}",
	author = "J. Gudmundsson and M. van Kreveld and B. Speckmann",
	booktitle = "Proceedings of the 12th annual ACM international workshop on Geographic information systems",
	pages = "250--257",
	year = "2004",
	organization = "ACM",
	localfile = "/media/1E8F57224EE524F1\_/MScGEM/Tesis Topic/Literature/Efficient Detection of Motion Patterns in Spatio-Temporal Data Sets (Gudmundsson, 2004).pdf"
}

@Article{ laube2005finding,
	title = "{Finding REMO - detecting relative motion patterns in geospatial lifelines}",
	author = "P. Laube and M. Kreveld and S. Imfeld",
	journal = "Developments in Spatial Data Handling",
	pages = "201--215",
	year = "2005",
	publisher = "Springer",
	localfile = "Finding REMO - Detecting Relative Motion Patterns in Geospatial Lifelines (Laube et al, 2004).pdf"
}

@Article{ wren2007merl,
	title = "{The merl motion detector dataset: 2007 workshop on massive datasets}",
	author = "C.R. Wren and Y.A. Ivanov and D. Leigh and J. Westhues",
	journal = "Mitsubishi Electric Research Laboratories Technical Report TR2007-069",
	year = "2007",
	publisher = "Citeseer"
}

@InProceedings{ ballantyne2002int2_a32_01,
	title = "{A Multidecadal Study of the Number of Antarctic Icebergs using Scatterometer Data}",
	author = "J. Ballantyne and DG Long",
	booktitle = "International Geoscience and Remote Sensing Symposium",
	volume = "5",
	pages = "3029--3031",
	year = "2002"
}

@MastersThesis{ Iswari2010,
	title = "Back End Support for Trajectory Management Using Open Source Software",
	author = "L Iswari",
	school = "ITC",
	address = "Enschede",
	month = Enschede,
	year = "2010"
}

@article{spaccapietra2008conceptual,
  title={A conceptual view on trajectories},
  author={Spaccapietra, Stefano and Parent, Christine and Damiani, Maria Luisa and De Macedo, Jose Antonio and Porto, Fabio and Vangenot, Christelle},
  journal={Data \& knowledge engineering},
  volume={65},
  number={1},
  pages={126--146},
  year={2008},
  publisher={Elsevier}
}

@MastersThesis{romero2011mining,
  title={Mining moving flock patterns in large spatio-temporal datasets using a frequent pattern mining approach},
  author={Romero, Andres Oswaldo Calderon},
  year={2011},
  school={Master Thesis, University of Twente}
}

@InProceedings{ ester1996density,
	title = "{A density-based algorithm for discovering clusters in large spatial databases with noise}",
	author = "M. Ester and H.P. Kriegel and J. Sander and X. Xu",
	booktitle = "Proc. KDD",
	volume = "96",
	pages = "226--231",
	year = "1996"
}

@InProceedings{ Timaran2005,
	title = "EquipAsso: An Algorithm based on new Relational Algebraic Operators for Association Rules Discovery",
	booktitle = "Fourth IASTED International Conference for Computational Intelligence",
	author = "R. Timaran and M. Mill{\'a}n",
	location = "Calgary",
	pages = "124--128",
	year = "2005"
}

@Article{ benkert2008reporting,
	title = "{Reporting flock patterns}",
	author = "M. Benkert and J. Gudmundsson and F. Hubner and T. Wolle",
	journal = "Computational Geometry",
	volume = "41",
	number = "3",
	pages = "111--125",
	year = "2008",
	publisher = "Elsevier"
}

@InProceedings{ agrawal1994fast,
	title = "{Fast algorithms for mining association rules}",
	author = "R. Agrawal and R. Srikant",
	booktitle = "Proc. 20th Int. Conf. Very Large Data Bases, VLDB",
	volume = "1215",
	pages = "487--499",
	year = "1994",
	organization = "Citeseer"
}

@Article{ agrawal1996fast,
	title = "{Fast discovery of association rules}",
	author = "R. Agrawal and H. Mannila and R. Srikant and H. Toivonen and A.I. Verkamo and others",
	journal = "Advances in knowledge discovery and data mining",
	volume = "12",
	pages = "307--328",
	year = "1996"
}

@Book{ larose2005discovering,
	title = "{Discovering knowledge in data: an introduction to data mining}",
	author = "D.T. Larose",
	year = "2005",
	publisher = "John Wiley and Sons"
}

@Article{ mennis2009spatial,
	title = "{Spatial data mining and geographic knowledge discovery--An introduction}",
	author = "D. Guo and J. Mennis",
	publisher = "Elsevier",
	journal = "Computers, Environment and Urban Systems",
	pages = "403--408",
	volume = "33",
	number = "6",
	year = "2009"
}

@InProceedings{ li2010movemine,
	title = "{MoveMine: mining moving object databases}",
	author = "Z. Li and M. Ji and J.G. Lee and L.A. Tang and Y. Yu and J. Han and R. Kays",
	booktitle = "Proceedings of the 2010 international conference on Management of data",
	pages = "1203--1206",
	year = "2010",
	organization = "ACM"
}

@TechReport{ wachowicz2010coherence,
	title = "Discovering Moving Flock Patterns Among Pedestrians Through Spatio-Temporal Coherence",
	author = "M. Wachowicz and R. Ong and C. Renso and M. Nanni",
	year = "2010",
	institution = "Istituto di Scienza e Tecnologie dell'Informazione",
	url = "http://puma.isti.cnr.it/publichtml/section_cnr_isti/cnr_isti_2010-TR-027.html"
}

@Article{ kalnis2005discovering,
	title = "{On discovering moving clusters in spatio-temporal data}",
	author = "P. Kalnis and N. Mamoulis and S. Bakiras",
	journal = "Advances in Spatial and Temporal Databases",
	pages = "364--381",
	year = "2005",
	publisher = "Springer"
}

@InProceedings{ gudmundsson2006computing,
	title = "{Computing longest duration flocks in trajectory data}",
	author = "J. Gudmundsson and M. van Kreveld",
	booktitle = "Proceedings of the 14th annual ACM international symposium on Advances in geographic information systems",
	pages = "42",
	year = "2006",
	organization = "ACM"
}

@Article{ wood2009taxonomy,
	title = "{A taxonomy of collective phenomena}",
	author = "Z. Wood and A. Galton",
	journal = "Applied Ontology",
	volume = "4",
	number = "3",
	pages = "267--292",
	year = "2009",
	publisher = "IOS Press"
}

@Article{ shan2010algorithms,
	title = "{Algorithms for discovery of spatial co-orientation patterns from images}",
	author = "M.K. Shan and L.Y. Wei",
	journal = "Expert Systems with Applications",
	year = "2010",
	publisher = "Elsevier"
}

@Article{ davis1992operational,
	title = "{Operational prototyping: A new development approach}",
	author = "A.M. Davis",
	journal = "IEEE software",
	pages = "70--78",
	year = "1992",
	publisher = "Published by the IEEE Computer Society"
}

@Article{ brinkhoff2002framework,
	title = "{A framework for generating network-based moving objects}",
	author = "T. Brinkhoff",
	journal = "GeoInformatica",
	volume = "6",
	number = "2",
	pages = "153--180",
	year = "2002",
	publisher = "Springer"
}

@Misc{ TBR2006softmethod,
	title = "Software Methodologies",
	author = "TechBookReport.com",
	year = "2006. [Online]. Available: http://www.techbookreport.com/SoftwareIndex.html [Accessed August 2010]."
}

@Article{ goodchild1992geographical,
	title = "{Geographical information science}",
	author = "M.F. Goodchild",
	journal = "International Journal of Geographical Information Science",
	volume = "6",
	number = "1",
	pages = "31--45",
	year = "1992",
	publisher = "Taylor \& Francis"
}

@Article{ agrawal1993mining,
	title = "{Mining association rules between sets of items in large databases}",
	author = "R. Agrawal and T. Imieli{\'n}ski and A. Swami",
	journal = "ACM SIGMOD Record",
	volume = "22",
	number = "2",
	pages = "207--216",
	year = "1993",
	publisher = "ACM"
}

@InProceedings{ zerkle1999data,
	title = "{A Data-Mining Analysis of RTID Alarms}",
	author = "D. Zerkle and S. Manganaris and M. Christensen and K. Hermiz",
	booktitle = "Recent Advances in Intrusion Detection",
	year = "1999"
}

@InProceedings{ huang2006finding,
	title = "{Finding sequential patterns from a massive number of spatio-temporal events}",
	author = "Y. Huang and L. Zhang and P. Zhang",
	booktitle = "Proc. Sixth SIAM Int{\^a}l Conf. Data Mining (SDM{\^a}06)",
	year = "2006",
	localfile = "Finding Sequential Patterns from Massive Number of Spatio-Temporal Events (Huang et al, 2006).pdf"
}

@Article{ huang2005can,
	title = "{Can we apply projection based frequent pattern mining paradigm to spatial co-location mining?}",
	author = "Y. Huang and L. Zhang and P. Yu",
	journal = "Advances in Knowledge Discovery and Data Mining",
	pages = "719--725",
	year = "2005",
	publisher = "Springer",
	localfile = "/media/1E8F57224EE524F1\_/MScGEM/Tesis Topic/Literature/Can We Apply Projection Based Frequent Pattern Mining Paradigm to Spatial Co-location (Huang et al, 2006).pdf"
}

@Article{ iwase2004parallel,
	title = "{Parallel tracking of all soccer players by integrating detected positions in multiple view images}",
	author = "S. Iwase and H. Saito",
	journal = "Pattern Recognition",
	volume = "4",
	pages = "751--754",
	year = "2004",
	localfile = "Parallel Tracking of All Soccer Players by Integrating Detected Positions in Multiple View Images (Iwase and Saito, 2004).pdf"
}

@Book{ frank2001life,
	title = "{Life and motion of socio-economic units}",
	author = "A.U. Frank and J. Raper and J.P. Cheylan",
	year = "2001",
	publisher = "CRC"
}

@Article{ roddick2001updated,
	title = "{An updated bibliography of temporal, spatial, and spatio-temporal data mining research}",
	author = "J. Roddick and K. Hornsby and M. Spiliopoulou",
	journal = "Temporal, Spatial, and Spatio-Temporal Data Mining",
	pages = "147--163",
	year = "2001",
	publisher = "Springer",
	localfile = "An Updated Bibliography of Temporal, Spatial, and Spatio-temporal Data Mining Research (Roddick et al, 2001).pdf"
}

@InProceedings{ verhein2006mining,
	title = "{Mining spatio-temporal association rules, sources, sinks, stationary regions and thoroughfares in object mobility databases}",
	author = "F. Verhein and S. Chawla",
	booktitle = "Database Systems for Advanced Applications",
	pages = "187--201",
	year = "2006",
	organization = "Springer"
}

@Article{ verhein2008mining,
	title = "{Mining spatio-temporal patterns in object mobility databases}",
	author = "F. Verhein and S. Chawla",
	journal = "Data mining and knowledge discovery",
	volume = "16",
	number = "1",
	pages = "5--38",
	year = "2008",
	publisher = "Springer"
}

@Article{ dettki2004real,
	title = "{Real-time moose tracking: an internet based mapping application using GPS/GSM-collars in Sweden}",
	author = "H. Dettki and G. Ericsson and L. Edenius",
	journal = "Alces",
	volume = "40",
	pages = "13--21",
	year = "2004"
}

@InProceedings{ iwase2002tracking,
	title = "{Tracking soccer player using multiple views}",
	author = "S. Iwase and H. Saito",
	booktitle = "Proceedings of the IAPR Workshop on Machine Vision Applications (MVA02)",
	pages = "102--105",
	year = "2002",
	organization = "Citeseer"
}

@Article{ jensen2007continuous,
	title = "{Continuous clustering of moving objects}",
	author = "C.S. Jensen and D. Lin and B.C. Ooi",
	journal = "IEEE Transactions on Knowledge and Data Engineering",
	pages = "1161--1174",
	issn = "1041-4347",
	year = "2007",
	publisher = "Published by the IEEE Computer Society"
}

@Article{ creighton2003minin,
	title = "{Mining gene expression databases for association rules}",
	author = "C. Creighton and S. Hanash",
	journal = "Bioinformatics",
	volume = "19",
	number = "1",
	pages = "79",
	issn = "1367-4803",
	year = "2003",
	publisher = "Oxford Univ Press"
}

@InProceedings{ chen2001mining,
	title = "{Mining association rules in analysis of transcription factors essential to gene expressions}",
	author = "R. Chen and Q. Jiang and H. Yuan and L. Gruenwald",
	booktitle = "Atlantic Symposium on Computational Biology, and Genome Information Systems \& Technology",
	year = "2001",
	organization = "Citeseer"
}

@InProceedings{ han1997geominer,
	title = "{GeoMiner: a system prototype for spatial data mining}",
	author = "J. Han and K. Koperski and N. Stefanovic",
	booktitle = "Proceedings of the 1997 ACM SIGMOD international conference on Management of data",
	pages = "553--556",
	isbn = "0897919114",
	year = "1997",
	organization = "ACM"
}

@Book{ yuzheng2011,
	title = "{Computing with Spatial Trajectories}",
	author = "Y. Zheng and X. Zhou",
	year = "2011",
	publisher = "Springer Science and Business Media, LLC",
	isbn= "978-1-4614-1628-9"
}

@Book{ miller2001geographic,
	title = "{Geographic data mining and knowledge discovery}",
	author = "H.J. Miller and J. Han",
	volume = "338",
	year = "2001",
	publisher = "Wiley Online Library"
}

@Book{ zhang2002association,
	title = "{Association rule mining: models and algorithms}",
	author = "C. Zhang and S. Zhang",
	isbn = "3540435336",
	year = "2002"
}

@InProceedings{ tsur1998query,
	title = "{Query flocks: a generalization of association-rule mining}",
	author = "D. Tsur and J.D. Ullman and S. Abiteboul and C. Clifton and R. Motwani and S. Nestorov and A. Rosenthal",
	booktitle = "Proceedings of the 1998 ACM SIGMOD international conference on Management of data",
	pages = "1--12",
	isbn = "0897919955",
	year = "1998",
	organization = "ACM"
}

@Book{ giudici2003applied,
	title = "{Applied data mining: Statistical methods for business and industry}",
	author = "P. Giudici and Ebooks Corporation",
	isbn = "047084678",
	year = "2003",
	publisher = "Wiley New York"
}

@Book{ han2006data,
	title = "{Data mining: concepts and techniques}",
	author = "J. Han and M. Kamber",
	isbn = "1558609016",
	year = "2006",
	publisher = "Morgan Kaufmann"
}

@Article{ goethals2004advances,
	title = "{Advances in frequent itemset mining implementations: report on FIMI'03}",
	author = "B. Goethals and M.J. Zaki",
	journal = "ACM SIGKDD Explorations Newsletter",
	volume = "6",
	number = "1",
	pages = "109--117",
	issn = "1931-0145",
	year = "2004",
	publisher = "ACM"
}

@Article{ goethals2003survey,
	title = "{Survey on frequent pattern mining}",
	author = "B. Goethals",
	journal = "Manuscript",
	pages = "1--43",
	year = "2003",
	publisher = "Citeseer"
}

@InProceedings{ uno2004lcm,
	title = "{LCM ver. 2: Efficient mining algorithms for frequent/closed/maximal itemsets}",
	author = "T. Uno and M. Kiyomi and H. Arimura",
	booktitle = "IEEE ICDM04 Workshop FIMI04 (International Conference on Data Mining, Frequent Itemset Mining Implementations)",
	year = "2004",
	organization = "Citeseer"
}

@InProceedings{ uno2005lcm,
	title = "{Lcm ver. 3: Collaboration of array, bitmap and prefix tree for frequent itemset mining}",
	author = "T. Uno and M. Kiyomi and H. Arimura",
	booktitle = "Proceedings of the 1st international workshop on open source data mining: frequent pattern mining implementations",
	pages = "77--86",
	isbn = "1595932100",
	year = "2005",
	organization = "ACM"
}

@Article{ minato2008lcm,
	title = "{LCM over ZBDDS: fast generation of very large-scale frequent itemsets using a compact graph-based representation}",
	author = "S.I. Minato and T. Uno and H. Arimura",
	journal = "Advances in Knowledge Discovery and Data Mining",
	pages = "234--246",
	year = "2008",
	publisher = "Springer"
}

@Article{ han2000mining,
	title = "{Mining frequent patterns by pattern-growth: methodology and implications}",
	author = "J. Han and J. Pei",
	journal = "ACM SIGKDD Explorations Newsletter",
	volume = "2",
	number = "2",
	pages = "14--20",
	issn = "1931-0145",
	year = "2000",
	publisher = "ACM"
}

@Article{ makris2002path,
	title = "{Path detection in video surveillance}",
	author = "D. Makris and T. Ellis",
	journal = "Image and Vision Computing",
	volume = "20",
	number = "12",
	pages = "895--903",
	issn = "0262-8856",
	year = "2002",
	publisher = "Elsevier"
}

@InProceedings{ piciarelli2006trajectory,
	title = "{Trajectory clustering and its applications for video surveillance}",
	author = "C. Piciarelli and GL Foresti and L. Snidara",
	booktitle = "Advanced Video and Signal Based Surveillance, 2005. AVSS 2005. IEEE Conference on",
	pages = "40--45",
	isbn = "0780393856",
	year = "2006",
	organization = "IEEE"
}

@Article{ brinkhoff2003generating,
	title = "{Generating traffic data}",
	author = "T. Brinkhoff",
	journal = "IEEE Data Engineering Bulletin",
	volume = "26",
	number = "2",
	pages = "19--25",
	year = "2003",
	publisher = "Citeseer"
}

@Article{ pfoser2003generating,
	title = "{Generating semantics-based trajectories of moving objects}",
	author = "D. Pfoser and Y. Theodoridis",
	journal = "Computers, Environment and Urban Systems",
	volume = "27",
	number = "3",
	pages = "243--263",
	issn = "0198-9715",
	year = "2003",
	publisher = "Elsevier"
}

@Electronic{ Brin:2010:Online,
	author = "T. Birkhoff",
	title = "Network-based Generator of Moving Objects",
	year = "2010",
	url = "http://www.fh-oow.de/institute/iapg/personen/brinkhoff/generator/"
}

@Article{ saglio2001oporto,
	title = "{Oporto: A realistic scenario generator for moving objects}",
	author = "J.M. Saglio and J. Moreira",
	journal = "GeoInformatica",
	volume = "5",
	number = "1",
	pages = "71--93",
	issn = "1384-6175",
	year = "2001",
	publisher = "Springer"
}

@Article{ kaufman2001city,
	title = "{City Simulator V2. 0}",
	author = "J. Kaufman and J. Myllymaki and J. Jackson",
	journal = "IBM alphaWorks, December",
	year = "2001"
}

@InProceedings{ zheng2008understanding,
	title = "{Understanding mobility based on GPS data}",
	author = "Y. Zheng and Q. Li and Y. Chen and X. Xie and W.Y. Ma",
	booktitle = "Proceedings of the 10th international conference on Ubiquitous computing",
	pages = "312--321",
	year = "2008",
	organization = "ACM"
}

@InProceedings{ zheng2009mining,
	title = "{Mining interesting locations and travel sequences from GPS trajectories}",
	author = "Y. Zheng and L. Zhang and X. Xie and W.Y. Ma",
	booktitle = "Proceedings of the 18th international conference on World wide web",
	pages = "791--800",
	year = "2009",
	organization = "ACM"
}

@Electronic{ FIMIHomep,
	title = "The FIMI'04 Homepage",
	author = "B. Goethals",
	year = "2004",
	url = "http://fimi.cs.helsinki.fi/"
}

@Electronic{ JTS,
	title = "JTS Topology Suite (version 1.8)",
	author = "{Vivid Solution Inc}",
	year = "2010",
	url = "http://www.vividsolutions.com/jts/jtshome.htm"
}

@Electronic{ OGCStandards,
	title = "Standards and Specifications",
	author = "{Open GIS Consortium (OGC)}",
	year = "2010",
	url = "http://www.opengeospatial.org/standards"
}

@Electronic{ PostGIS,
	title = "PostGIS (version 1.5.2)",
	author = "{Refractions Research}",
	year = "2010",
	url = "http://postgis.refractions.net/"
}

@Electronic{ fastutils,
	title = "fastutils: Fast \& compact type-specific collections for Java (version 6.0)",
	author = "{The Laboratory for Web Algorithmics - University of Milan}",
	year = "2010",
	url = "http://fastutil.dsi.unimi.it/"
}

@Electronic{ openjump,
	title = "Open JUMP GIS (version 1.3.1)",
	author = "{Vivid Solution Inc}",
	year = "2010",
	url = "http://www.openjump.org/"
}

@TechReport{ OGC_KML,
	title = "OGC KML",
	year = "2008",
	author = "T. Wilson",
	institution = "OGC Standard 07-147r2, 2008-04-14, 251 pp"
}

@Article{ han2007frequent,
	title = "{Frequent pattern mining: current status and future directions}",
	author = "J. Han and H. Cheng and D. Xin and X. Yan",
	journal = "Data Mining and Knowledge Discovery",
	volume = "15",
	number = "1",
	pages = "55--86",
	issn = "1384-5810",
	year = "2007",
	publisher = "Springer"
}

@Article{ long2002number,
	title = "{Is the number of Antarctic icebergs really increasing?}",
	author = "DG Long and J. Ballantyne and C. Bertoia",
	journal = "EOS Transactions",
	volume = "83",
	pages = "469",
	year = "2002"
}

@Article{ swithinbank1977drift,
	title = "{Drift tracks of Antarctic icebergs}",
	author = "C. Swithinbank and P. McClain and P. Little",
	journal = "Polar Record",
	volume = "18",
	number = "116",
	pages = "495--501",
	issn = "0032-2474",
	year = "1977",
	publisher = "Cambridge Univ Press"
}

@Article{ vinje1980some,
	title = "{Some satellite-tracked iceberg drifts in the Antarctic}",
	author = "T.E. Vinje",
	journal = "Annals of Glaciology",
	volume = "1",
	pages = "83--87",
	year = "1980"
}

@Electronic{ GeoLife,
	title = "GeoLife GPS Trajectories",
	author = "{Microsoft Research Asia}",
	url = "http://research.microsoft.com/en-us/downloads/b16d359d-d164-469e-9fd4-daa38f2b2e13/default.aspx",
	year = "2010"
}

@Article{ lazarus1993cenozoic,
	title = "{Cenozoic Southern Ocean reconstructions from sedimentologic, radiolarian, and other microfossil data}",
	author = "D. Lazarus and J.P. Caulet",
	journal = "The Antarctic paleoenvironment: a perspective on global change. Part Two. Antarctic Research Series",
	volume = "60",
	pages = "145--174",
	year = "1993"
}

@Article{ nicol1999krill,
	title = "{Krill fisheries: development, management and ecosystem implications}",
	author = "S. Nicol and Y. Endo",
	journal = "Aquatic Living Resources",
	volume = "12",
	number = "2",
	pages = "105--120",
	issn = "0990-7440",
	year = "1999",
	publisher = "Elsevier"
}

@Article{ nicol2000ocean,
	title = "{Ocean circulation off east Antarctica affects ecosystem structure and sea-ice extent}",
	author = "S. Nicol and T. Pauly and N.L. Bindoff and S. Wright and D. Thiele and G.W. Hosie and P.G. Strutton and E. Woehler",
	journal = "Nature",
	volume = "406",
	number = "6795",
	pages = "504--507",
	issn = "0028-0836",
	year = "2000",
	publisher = "Nature Publishing Group"
}

@Article{ nicol2003recent,
	title = "{Recent trends in the fishery for Antarctic krill}",
	author = "S. Nicol and J. Foster",
	journal = "Aquating Living Resources",
	volume = "16",
	number = "1",
	pages = "42--45",
	issn = "0990-7440",
	year = "2003",
	publisher = "edpsciences. org"
}

@Article{ nicol2006krill,
	title = "{Krill, currents, and sea ice: Euphausia superba and its changing environment}",
	author = "S. Nicol",
	journal = "BioScience",
	volume = "56",
	number = "2",
	pages = "111--120",
	year = "2006",
	publisher = "Univ California Press"
}

@Book{ deacon1984antarctic,
	title = "{The Antarctic circumpolar ocean}",
	author = "G. Deacon",
	volume = "180",
	year = "1984",
	publisher = "Cambridge University Press Cambridge"
}

@Article{ fahrbach1992antarctic,
	title = "{The Antarctic coastal current in the southeastern Weddell Sea}",
	author = "E. Fahrbach and G. Rohardt and G. Krause",
	journal = "Polar Biology",
	volume = "12",
	number = "2",
	pages = "171--182",
	issn = "0722-4060",
	year = "1992",
	publisher = "Springer"
}

@Article{ oppenheimer2004west,
	title = "{The West Antarctic ice sheet and long term climate policy}",
	author = "M. Oppenheimer and R.B. Alley",
	journal = "Climatic Change",
	volume = "64",
	number = "1",
	pages = "1--10",
	issn = "0165-0009",
	year = "2004",
	publisher = "Springer"
}

@Article{ arrigo2002ecological,
	title = "{Ecological impact of a large Antarctic iceberg}",
	author = "K.R. Arrigo and G.L. van Dijken and D.G. Ainley and M.A. Fahnestock and T. Markus",
	journal = "Geophysical Research Letters",
	volume = "29",
	number = "7",
	pages = "1104",
	issn = "0094-8276",
	year = "2002",
	publisher = "American Geophysical Union"
}

@Article{ gutt1996impact,
	title = "{Impact of iceberg scouring on polar benthic habitats}",
	author = "J. Gutt and A. Starmans and G. Dieckmann",
	journal = "Marine Ecology Progress Series",
	volume = "137",
	number = "1",
	pages = "311--316",
	issn = "0171-8630",
	year = "1996"
}

@Article{ roots1989climate,
	title = "{Climate change: High-latitude regions}",
	author = "EF Roots",
	journal = "Climatic Change",
	volume = "15",
	number = "1",
	pages = "223--253",
	issn = "0165-0009",
	year = "1989",
	publisher = "Springer"
}

@Article{ keys1990calving,
	title = "{The calving and drift of iceberg B-9 in the Ross Sea, Antarctica}",
	author = "H. Keys and SS Jacobs and D. Barnett",
	journal = "Antarctic Science",
	volume = "2",
	number = "03",
	pages = "243--257",
	issn = "0954-1020",
	year = "1990",
	publisher = "Cambridge Univ Press"
}

@Article{ arrigo2003impact,
	title = "{Impact of iceberg C-19 on Ross Sea primary production}",
	author = "K.R. Arrigo and G.L. van Dijken",
	journal = "Geophys. Res. Lett",
	volume = "30",
	number = "16",
	pages = "1836",
	year = "2003"
}

@Article{ arrigo2004annual,
	title = "{Annual changes in sea-ice, chlorophyll a, and primary production in the Ross Sea, Antarctica}",
	author = "K.R. Arrigo and G.L. van Dijken",
	journal = "Deep Sea Research Part II: Topical Studies in Oceanography",
	volume = "51",
	number = "1-3",
	pages = "117--138",
	issn = "0967-0645",
	year = "2004",
	publisher = "Elsevier"
}

@Electronic{ gyory2003ACC,
	title = "Surface Currents in the Southern Ocean: The Antarctic Coastal Current.",
	author = "J. Gyory and J. Cangialosi and I. Jo and A. Mariano and E. Ryan",
	year = "2003",
	url = "http://oceancurrents.rsmas.miami.edu/southern/antarctic-coastal.html"
}

@Article{ meredith2006circumpolar,
	title = "{Circumpolar response of Southern Ocean eddy activity to a change in the Southern Annular Mode}",
	author = "M.P. Meredith and A.M. Hogg",
	journal = "Geophysical Research Letters",
	volume = "33",
	number = "16",
	pages = "L16608",
	issn = "0094-8276",
	year = "2006",
	publisher = "American Geophysical Union"
}

@Electronic{ NERC2007acc,
	title = "Stronger winds warming Antarctica?",
	author = "{Natural Environmental Research Council}",
	year = "2007",
	url = "http://www.nerc.ac.uk/research/highlights/2007/antarcticwarming.asp"
}

@Electronic{ whoi2006acc,
	title = "Antarctica's Ocean Circulation",
	author = "{Woods Hole Oceanographic Institution}",
	year = "2006",
	url = "http://polardiscovery.whoi.edu/antarctica/circulation.html"
}

@Article{ atkinson2004long,
	title = "{Long-term decline in krill stock and increase in salps within the Southern Ocean}",
	author = "A. Atkinson and V. Siegel and E. Pakhomov and P. Rothery",
	journal = "Nature",
	volume = "432",
	number = "7013",
	pages = "100--103",
	issn = "0028-0836",
	year = "2004",
	publisher = "Nature Publishing Group"
}

@Article{ hewitt20038,
	title = "{An 8-year cycle in krill biomass density inferred from acoustic surveys conducted in the vicinity of the South Shetland Islands during the austral summers of 1991-1992 through 2001-2002}",
	author = "R.P. Hewitt and D.A. Demer and J.H. Emery",
	journal = "Aquatic Living Resources",
	volume = "16",
	number = "3",
	pages = "205--213",
	issn = "0990-7440",
	year = "2003",
	publisher = "Elsevier"
}

@InProceedings{ grahne2003high,
	title = "{High performance mining of maximal frequent itemsets}",
	author = "G. Grahne and J. Zhu",
	booktitle = "6th International Workshop on High Performance Data Mining",
	year = "2003",
	organization = "Citeseer"
}

@Article{ bayardo1998efficiently,
	title = "{Efficiently mining long patterns from databases}",
	author = "R.J. {Bayardo Jr}",
	journal = "ACM Sigmod Record",
	volume = "27",
	number = "2",
	pages = "85--93",
	issn = "0163-5808",
	year = "1998",
	publisher = "ACM"
}

@Article{ han2007frequent-1,
	title = "{Frequent pattern mining: current status and future directions}",
	author = "J. Han and H. Cheng and D. Xin and X. Yan",
	journal = "Data Mining and Knowledge Discovery",
	volume = "15",
	number = "1",
	pages = "55--86",
	issn = "1384-5810",
	year = "2007",
	publisher = "Springer"
}

@InProceedings{ bayardo1999mining,
	title = "{Mining the most interesting rules}",
	author = "R.J. {Bayardo Jr} and R. Agrawal",
	booktitle = "Proceedings of the fifth ACM SIGKDD international conference on Knowledge discovery and data mining",
	pages = "154",
	isbn = "1581131437",
	year = "1999",
	organization = "ACM"
}

@InProceedings{ pan2004cobbler,
	title = "{COBBLER: combining column and row enumeration for closed pattern discovery}",
	author = "F. Pan and A.K.H. Tung and G. Cong and X. Xu",
	booktitle = "Scientific and Statistical Database Management, 2004. Proceedings. 16th International Conference on",
	pages = "21--30",
	isbn = "0769521460",
	issn = "1099-3371",
	year = "2004",
	organization = "IEEE"
}

@InProceedings{ pan2003carpenter,
	title = "{CARPENTER: Finding closed patterns in long biological datasets}",
	author = "F. Pan and G. Cong and A.K.H. Tung and J. Yang and M.J. Zaki",
	booktitle = "Proceedings of the ninth ACM SIGKDD international conference on Knowledge discovery and data mining",
	pages = "637--642",
	isbn = "1581137370",
	year = "2003",
	organization = "ACM"
}

@InProceedings{ liu2006mining,
	title = "{Mining Frequent Patterns from Very High Dimensional Data: A Top-Down Row Enumeration Approach}",
	author = "H. Liu and J. Han and D. Xin and Z. Shao",
	booktitle = "Proceeding of the 2006 SIAM international conference on data mining (SDM 06), Bethesda, MD",
	pages = "280--291",
	year = "2006",
	organization = "Citeseer"
}

@InProceedings{ liu2006top,
	title = "{Top-down mining of interesting patterns from very high dimensional data}",
	author = "H. Liu and J. Han and D. Xin and Z. Shao",
	booktitle = "Data Engineering, 2006. ICDE'06. Proceedings of the 22nd International Conference on",
	pages = "114",
	isbn = "0769525709",
	year = "2006",
	organization = "IEEE"
}

@InProceedings{ chen2010efficiently,
	title = "{Efficiently Mining the Recent Frequent Patterns over Online Data Streams}",
	author = "H. Chen",
	booktitle = "Intelligent Systems and Applications (ISA), 2010 2nd International Workshop on",
	pages = "1--4",
	year = "2010",
	organization = "IEEE"
}

@Article{ jiang2006research,
	title = "{Research issues in data stream association rule mining}",
	author = "N. Jiang and L. Gruenwald",
	journal = "ACM Sigmod Record",
	volume = "35",
	number = "1",
	pages = "14--19",
	issn = "0163-5808",
	year = "2006",
	publisher = "ACM"
}

@Article{ li2005online,
	title = "{Online mining (recently) maximal frequent itemsets over data streams}",
	author = "H.F. Li and S.Y. Lee and M.K. Shan",
	issn = "1097-8585",
	year = "2005",
	publisher = "IEEE Computer Society"
}

@Article{ gaber2005mining,
	title = "{Mining data streams: a review}",
	author = "M.M. Gaber and A. Zaslavsky and S. Krishnaswamy",
	journal = "ACM Sigmod Record",
	volume = "34",
	number = "2",
	pages = "18--26",
	issn = "0163-5808",
	year = "2005",
	publisher = "ACM"
}

@Article{ jiang2006research-1,
	title = "{Research issues in data stream association rule mining}",
	author = "N. Jiang and L. Gruenwald",
	journal = "ACM Sigmod Record",
	volume = "35",
	number = "1",
	pages = "14--19",
	issn = "0163-5808",
	year = "2006",
	publisher = "ACM"
}

@InProceedings{ jiang2006cfi,
	title = "{CFI-Stream: mining closed frequent itemsets in data streams}",
	author = "N. Jiang and L. Gruenwald",
	booktitle = "Proceedings of the 12th ACM SIGKDD international conference on Knowledge discovery and data mining",
	pages = "592--597",
	isbn = "1595933395",
	year = "2006",
	organization = "ACM"
}

@Article{ ao2007mining,
	title = "{Mining Maximal Frequent Itemsets in Data Streams Based on FP-Tree}",
	author = "F. Ao and Y. Yan and J. Huang and K. Huang",
	journal = "Machine Learning and Data Mining in Pattern Recognition",
	pages = "479--489",
	year = "2007",
	publisher = "Springer"
}

@InProceedings{ chen2007gc,
	title = "{GC-tree: a fast online algorithm for mining frequent closed itemsets}",
	author = "J. Chen and S.P. Li",
	booktitle = "Proceedings of the 2007 international conference on Emerging technologies in knowledge discovery and data mining",
	pages = "457--468",
	isbn = "354077016X",
	year = "2007",
	organization = "Springer-Verlag"
}

@InProceedings{ ao2008efficient,
	title = "{An efficient algorithm for mining closed frequent itemsets in data streams}",
	author = "F. Ao and J. Du and Y. Yan and B. Liu and K. Huang",
	booktitle = "Computer and Information Technology Workshops, 2008. CIT Workshops 2008. IEEE 8th International Conference on",
	pages = "37--42",
	year = "2008",
	organization = "IEEE"
}

@Article{ manabe1995simulation,
	title = "{Simulation of abrupt climate change induced by freshwater input to the North Atlantic Ocean}",
	author = "S. Manabe and R.J. Stouffer",
	journal = "Nature",
	volume = "378",
	number = "6553",
	pages = "165--167",
	issn = "0028-0836",
	year = "1995"
}

@Article{ laxon2003high,
	title = "{High interannual variability of sea ice thickness in the Arctic region}",
	author = "S. Laxon and N. Peacock and D. Smith",
	journal = "Nature",
	volume = "425",
	number = "6961",
	pages = "947--950",
	issn = "0028-0836",
	year = "2003",
	publisher = "Nature Publishing Group"
}

@Article{ alley2005ice,
	title = "{Ice-sheet and sea-level changes}",
	author = "R.B. Alley and P.U. Clark and P. Huybrechts and I. Joughin",
	journal = "Science",
	volume = "310",
	number = "5747",
	pages = "456",
	year = "2005",
	publisher = "AAAS"
}

@Article{ xu2005survey,
	title = "{Survey of clustering algorithms}",
	author = "R. Xu and D. Wunsch",
	journal = "IEEE Transactions on neural networks",
	volume = "16",
	number = "3",
	pages = "645--678",
	issn = "1045-9227",
	year = "2005"
}

@Article{ berkhin2006survey,
	title = "{A survey of clustering data mining techniques}",
	author = "P. Berkhin",
	journal = "Grouping Multidimensional Data",
	pages = "25--71",
	year = "2006",
	publisher = "Springer"
}

@Article{ han2001spatial,
	title = "{Spatial clustering methods in data mining: A survey}",
	author = "J. Han and M. Kamber and A.K.H. Tung",
	journal = "Geographic Data Mining and Knowledge Discovery. Taylor and Francis",
	volume = "21",
	year = "2001"
}

@InProceedings{ ng1994efficient,
	title = "{Efficient and effective clustering methods for spatial data mining}",
	author = "R.T. Ng and J. Han",
	booktitle = "Proceedings of the International Conference on Very Large Data Bases",
	pages = "144--144",
	issn = "1047-7349",
	year = "1994",
	organization = "Citeseer"
}

@InProceedings{ stattner2010data,
	title = "{A data collection framework for tracking collective behavior patterns}",
	author = "E. Stattner and M. Collard and P. Hunel and N. Vidot",
	booktitle = "Research Challenges in Information Science (RCIS), 2010 Fourth International Conference on",
	pages = "43--50",
	issn = "2151-1349",
	year = "2010",
	organization = "IEEE"
}

@Article{ ishikawa2010data,
	title = "{Data Mining for Moving Object Databases}",
	author = "Y. Ishikawa",
	journal = "Research in Mobile Intelligence",
	pages = "239",
	isbn = "047019555X",
	year = "2010",
	publisher = "Wiley"
}

@Article{ cao200915,
	title = "{15 Periodic Pattern Discovery from Trajectories of Moving Objects}",
	author = "H. Cao and N. Mamoulis and D.W. Cheung",
	journal = "Geographic Data Mining and Knowledge Discovery",
	pages = "389",
	isbn = "1420073974",
	year = "2009",
	publisher = "CRC"
}

@InProceedings{ rosswog2008detecting,
	title = "{Detecting and Tracking Spatio-temporal Clusters with Adaptive History Filtering}",
	author = "J. Rosswog and K. Ghose",
	booktitle = "Data Mining Workshops, 2008. ICDMW'08. IEEE International Conference on",
	pages = "448--457",
	year = "2008",
	organization = "IEEE"
}

@Article{ jeung2008discovery-1,
	title = "{Discovery of convoys in trajectory databases}",
	author = "H. Jeung and M.L. Yiu and X. Zhou and C.S. Jensen and H.T. Shen",
	journal = "Proceedings of the VLDB Endowment",
	volume = "1",
	number = "1",
	pages = "1068--1080",
	issn = "2150-8097",
	year = "2008",
	publisher = "VLDB Endowment"
}

@InProceedings{ li2004clustering,
	title = "{Clustering moving objects}",
	author = "Y. Li and J. Han and J. Yang",
	booktitle = "Proceedings of the tenth ACM SIGKDD international conference on Knowledge discovery and data mining",
	pages = "617--622",
	isbn = "1581138881",
	year = "2004",
	organization = "ACM"
}

@Article{ scheffer2003finding,
	title = "{Finding the most interesting patterns in a database quickly by using sequential sampling}",
	author = "T. Scheffer and S. Wrobel",
	journal = "The Journal of Machine Learning Research",
	volume = "3",
	pages = "833--862",
	issn = "1532-4435",
	year = "2003",
	publisher = "JMLR. org"
}

@Article{ folino2009adaptive,
	title = "{An adaptive flocking algorithm for performing approximate clustering}",
	author = "G. Folino and A. Forestiero and G. Spezzano",
	journal = "Information Sciences",
	volume = "179",
	number = "18",
	pages = "3059--3078",
	issn = "0020-0255",
	year = "2009",
	publisher = "Elsevier"
}

@Article{ folino2003swarming,
	title = "{Swarming agents for discovering clusters in spatial data}",
	author = "G. Folino and A. Forestiero and G. Spezzano",
	year = "2003",
	publisher = "Published by the IEEE Computer Society"
}

@Article{ folino2002adaptive,
	title = "{An adaptive flocking algorithm for spatial clustering}",
	author = "G. Folino and G. Spezzano",
	journal = "Parallel Problem Solving from Nature PPSN VII",
	pages = "924--933",
	year = "2002",
	publisher = "Springer"
}

@InProceedings{ ertoz2002new,
	title = "{A new shared nearest neighbor clustering algorithm and its applications}",
	author = "L. Ertoz and M. Steinbach and V. Kumar",
	booktitle = "Workshop on Clustering High Dimensional Data and its Applications at 2nd SIAM International Conference on Data Mining",
	pages = "105--115",
	year = "2002",
	organization = "Citeseer"
}

@InProceedings{ wang1997sting,
	title = "{STING: A statistical information grid approach to spatial data mining}",
	author = "W. Wang and J. Yang and R. Muntz",
	booktitle = "Proceedings of the International Conference on Very Large Data Bases",
	pages = "186--195",
	issn = "1047-7349",
	year = "1997",
	organization = "Citeseer"
}

@Article{ webb2002swarm,
	title = "{Swarm Intelligence: From Natural to Artificial Systems}",
	author = "B. Webb",
	journal = "Connection Science",
	volume = "14",
	number = "2",
	pages = "163--164",
	issn = "0954-0091",
	year = "2002",
	publisher = "Taylor and Francis"
}

@Article{ eppstein2008skip,
	title = "{Skip quadtrees: Dynamic data structures for multidimensional point sets}",
	author = "D. Eppstein and M.T. Goodrich and J.Z. Sun and A. Efrat",
	journal = "International Journal of Computational Geometry and Applications",
	volume = "18",
	number = "1-2",
	pages = "131",
	issn = "0218-1959",
	year = "2008",
	publisher = "Singapore; Teaneck, NJ: World Scientific, c1991-"
}

@InProceedings{ eppstein2005skip,
	title = "{The skip quadtree: a simple dynamic data structure for multidimensional data}",
	author = "D. Eppstein and M.T. Goodrich and J.Z. Sun",
	booktitle = "Proceedings of the twenty-first annual symposium on Computational geometry",
	pages = "296--305",
	isbn = "1581139918",
	year = "2005",
	organization = "ACM"
}

@InProceedings{ cudre2010trajstore,
	title = "{TrajStore: An adaptive storage system for very large trajectory data sets}",
	author = "P. Cudre-Mauroux and E. Wu and S. Madden",
	booktitle = "Data Engineering (ICDE), 2010 IEEE 26th International Conference on",
	pages = "109--120",
	year = "2010",
	organization = "IEEE"
}

@InProceedings{ yang2008grid,
	title = "{Grid-Based Hierarchical Spatial Clustering Algorithm in Presence of Obstacle and Constraints}",
	author = "Y. Yang and J. Zhang and J. Yang",
	booktitle = "2008 International Conference on Internet Computing in Science and Engineering",
	pages = "383--388",
	year = "2008",
	organization = "IEEE"
}

@Article{ zhang2006novel,
	title = "{A novel spatial clustering with obstacles constraints based on genetic algorithms and K-medoids}",
	author = "X. Zhang and J. Wang and F. Wu and Z. Fan and X. Li",
	year = "2006",
	publisher = "IEEE Computer Society"
}

@Article{ wang2004density,
	title = "{Density-based spatial clustering in the presence of obstacles and facilitators}",
	author = "X. Wang and C. Rostoker and H.J. Hamilton",
	journal = "Knowledge Discovery in Databases: PKDD 2004",
	pages = "446--458",
	year = "2004",
	publisher = "Springer"
}

@Article{ estivill2001autoclust+,
	title = "{Autoclust+: Automatic clustering of point-data sets in the presence of obstacles}",
	author = "V. Estivill-Castro and I. Lee",
	journal = "Temporal, Spatial, and Spatio-Temporal Data Mining",
	pages = "133--146",
	year = "2001",
	publisher = "Springer"
}

@InProceedings{ zaiane2002clustering,
	title = "{Clustering spatial data in the presence of obstacles: a density-based approach}",
	author = "OR Zaiane and C.H. Lee",
	booktitle = "Database Engineering and Applications Symposium, 2002. Proceedings. International",
	pages = "214--223",
	isbn = "0769516386",
	issn = "1098-8068",
	year = "2002",
	organization = "IEEE"
}

@Article{ zheng2010geolife,
	title = "{GeoLife: A Collaborative Social Networking Service among User, Location and Trajectory}",
	author = "Y. Zheng and X. Xie and W.Y. Ma",
	journal = "Data Engineering",
	pages = "32",
	year = "2010",
	publisher = "Citeseer"
}

@InProceedings{ vieira2010querying,
	title = "{Querying trajectories using flexible patterns}",
	author = "M.R. Vieira and P. Bakalov and V.J. Tsotras",
	booktitle = "Proceedings of the 13th International Conference on Extending Database Technology",
	pages = "406--417",
	year = "2010",
	organization = "ACM"
}

@InProceedings{ zheng2009geolife2,
	title = "{GeoLife2. 0: a location-based social networking service}",
	author = "Y. Zheng and Y. Chen and X. Xie and W.Y. Ma",
	booktitle = "Mobile Data Management: Systems, Services and Middleware, 2009. MDM'09. Tenth International Conference on",
	pages = "357--358",
	year = "2009",
	organization = "IEEE"
}

@Article{ krumm2007predestination,
	title = "{Predestination: Where do you want to go today?}",
	author = "J. Krumm and E. Horvitz",
	journal = "Computer",
	volume = "40",
	number = "4",
	pages = "105--107",
	issn = "0018-9162",
	year = "2007",
	publisher = "IEEE"
}

@InProceedings{ li2008mining,
	title = "{Mining user similarity based on location history}",
	author = "Q. Li and Y. Zheng and X. Xie and Y. Chen and W. Liu and W.Y. Ma",
	booktitle = "Proceedings of the 16th ACM SIGSPATIAL international conference on Advances in geographic information systems",
	pages = "1--10",
	year = "2008",
	organization = "ACM"
}

@InProceedings{ vieira2010querying-1,
	title = "{Querying Spatio-Temporal Patterns in Mobile Phone-Call Databases}",
	author = "M.R. Vieira and E. Fr{\'i}as-Mart{\'i}nez and P. Bakalov and V. Fr{\'i}as-Mart{\'i}nez and V.J. Tsotras",
	booktitle = "Mobile Data Management (MDM), 2010 Eleventh International Conference on",
	pages = "239--248",
	year = "2010",
	organization = "IEEE"
}

@Article{ stathopoulos2008fuzzy,
	title = "{Fuzzy modeling approach for combined forecasting of urban traffic flow}",
	author = "A. Stathopoulos and L. Dimitriou and T. Tsekeris",
	journal = "Computer-Aided Civil and Infrastructure Engineering",
	volume = "23",
	number = "7",
	pages = "521--535",
	issn = "1467-8667",
	year = "2008",
	publisher = "John Wiley \& Sons"
}

@Article{ vlahogianni2005optimized,
	title = "{Optimized and meta-optimized neural networks for short-term traffic flow prediction: A genetic approach}",
	author = "E.I. Vlahogianni and M.G. Karlaftis and J.C. Golias",
	journal = "Transportation Research Part C: Emerging Technologies",
	volume = "13",
	number = "3",
	pages = "211--234",
	issn = "0968-090X",
	year = "2005",
	publisher = "Elsevier"
}

@InProceedings{ jeung2008convoy,
	author = "Hoyoung Jeung and Heng Tao Shen and Xiaofang Zhou",
	booktitle = "Data Engineering, 2008. ICDE 2008. IEEE 24th International Conference on",
	title = "Convoy Queries in Spatio-Temporal Databases",
	year = "2008",
	month = april,
	volume = "",
	number = "",
	pages = "1457--1459",
	keywords = "convoy query, line simplification method, spatio-temporal databases, query processing, temporal databases, visual databases",
	doi = "10.1109/ICDE.2008.4497588",
	ISSN = ""
}

@InProceedings{ bayardo2004fimi,
	title = "{FIMI 04}",
	author = "RJ Bayardo and B. Goethals and M.J. Zaki",
	booktitle = "Proceedings of the IEEE ICDM Workshop on Frequent Itemset Mining Implementations, Brighton, UK",
	volume = "126",
	year = "2004"
}

@InProceedings{ bayardo2004fimiPro,
	title = "{FIMI 04, Proceedings of the IEEE ICDM Workshop on Frequent Itemset Mining Implementations}",
	author = "R.J. {Bayardo Jr} and B. Goethals and M.J. Zaki",
	year = "2004",
	volume = "126"
}

@InProceedings{ goethals2003fimiPro,
	title = "{FIMI 03: Proceedings of the ICDM 2003 Workshop on Frequent Itemset Mining Implementations}",
	author = "B. Goethals and M.J. Zaki",
	volume = "90",
	year = "2003"
}

@InProceedings{ goethals2003fimi-1,
	title = "{FIMI 03: Workshop on frequent itemset mining implementations}",
	author = "B. Goethals and M.J. Zaki",
	booktitle = "Third IEEE International Conference on Data Mining Workshop on Frequent Itemset Mining Implementations",
	pages = "1--13",
	year = "2003",
	organization = "Citeseer"
}

@Article{ hamley1986antarctic,
	title = "{Antarctic iceberg distribution and dissolution}",
	author = "TC Hamley and WF Budd",
	journal = "J. Glaciol",
	volume = "32",
	number = "111",
	pages = "242--251",
	year = "1986"
}

@Article{ tchernia1984circulation,
	title = "{Circulation in Antarctic waters as revealed by iceberg tracks 1972--1983}",
	author = "P. Tchernia and P.F. Jeannin",
	journal = "Polar Record",
	volume = "22",
	number = "138",
	pages = "263--269",
	issn = "0032-2474",
	year = "1984",
	publisher = "Cambridge Univ Press"
}

@Article{ tchernia1980observations,
	title = "{Observations on the Antarctic East Wind Drift using tabular icebergs tracked by satellite Nimbus F (1975-1977)}",
	author = "P. Tchernia and PF Jeannin",
	journal = "Deep Sea Research Part A. Oceanographic Research Papers",
	volume = "27",
	number = "6",
	pages = "467--474",
	issn = "0198-0149",
	year = "1980",
	publisher = "Elsevier"
}

@Article{ pasquier1999discovering,
	title = "{Discovering frequent closed itemsets for association rules}",
	author = "N. Pasquier and Y. Bastide and R. Taouil and L. Lakhal",
	journal = "Database Theory ICDT 99",
	pages = "398--416",
	year = "1999",
	publisher = "Springer"
}
